<?xml version="1.0" encoding="utf-8"?>
<record xmlns="http://www.loc.gov/MARC21/slim" xmlns:xsi="http://www.w3.org/2001/XMLSchema-instance" xsi:schemaLocation="http://www.loc.gov/MARC21/slim http://www.loc.gov/standards/marcxml/schema/MARC21slim.xsd">
	<leader>     nam a22     Mi 4500</leader>
	<controlfield tag="001">b12372638</controlfield>
	<controlfield tag="003">LeBAU</controlfield>
	<controlfield tag="006">m        d        </controlfield>
	<controlfield tag="007">cr cn |||m|||a</controlfield>
	<controlfield tag="008">190920m1950    ua      ob    ||0 0 ara d</controlfield>
	<datafield ind1=" " ind2=" " tag="040">
		<subfield code="a">ZYU</subfield>
		<subfield code="b">ara</subfield>
		<subfield code="e">rda</subfield>
		<subfield code="c">ZYU</subfield>
	</datafield>
	<datafield ind1="0" ind2="4" tag="082">
		<subfield code="a">297.3</subfield>
		<subfield code="2">22</subfield>
	</datafield>
	<datafield ind1="1" ind2=" " tag="100">
		<subfield code="6">880-01</subfield>
		<subfield code="a">Ashʻarī, Abū al-Ḥasan ʻAlī ibn Ismāʻīl,</subfield>
		<subfield code="d">873?-935?,</subfield>
		<subfield code="e">author.</subfield>
	</datafield>
	<datafield ind1="1" ind2="0" tag="245">
		<subfield code="6">880-02</subfield>
		<subfield code="a">Maqālāt al-Islāmīyīn wa-ikhtilāf al-muṣallīn /</subfield>
		<subfield code="c">ta’līf shaykh ahl al-sunnah wa-al-jamāʻah al-Imām Abī al-Ḥasan ʻAlī ibn Ismāʻīl al-Ashʻarī, al-mutawaffá ʻām 330 min al-hijrah ; bi-taḥqīq Muḥammad Muḥyī al-Dīn ʻAbd al-Ḥamīd.</subfield>
	</datafield>
	<datafield ind1=" " ind2=" " tag="250">
		<subfield code="6">880-03</subfield>
		<subfield code="a">al-Ṭabʻah al-ūlá.</subfield>
	</datafield>
	<datafield ind1=" " ind2="1" tag="264">
		<subfield code="6">880-04</subfield>
		<subfield code="a">al-Qāhirah :</subfield>
		<subfield code="b">Maktabat al-Nahḍah al-Miṣrīyah,</subfield>
		<subfield code="c">1369 H. = 1950 M.</subfield>
	</datafield>
	<datafield ind1=" " ind2=" " tag="300">
		<subfield code="6">880-05</subfield>
		<subfield code="a">online resource (2 volumes)</subfield>
	</datafield>
	<datafield ind1=" " ind2=" " tag="336">
		<subfield code="a">text</subfield>
		<subfield code="2">rdacontent</subfield>
	</datafield>
	<datafield ind1=" " ind2=" " tag="337">
		<subfield code="a">computer</subfield>
		<subfield code="2">rdamedia</subfield>
	</datafield>
	<datafield ind1=" " ind2=" " tag="338">
		<subfield code="a">online resource</subfield>
		<subfield code="2">rdacarrier</subfield>
	</datafield>
	<datafield ind1=" " ind2=" " tag="500">
		<subfield code="a">Part of the Arabic Collections Online (ACO) project, contributed by American University of Beirut's Jafet Memorial Library.</subfield>
	</datafield>
	<datafield ind1=" " ind2=" " tag="533">
		<subfield code="a">Electronic reproduction.</subfield>
		<subfield code="b">New York, N.Y. :</subfield>
		<subfield code="c">New York University,</subfield>
		<subfield code="d">2019.</subfield>
		<subfield code="5">NNU</subfield>
	</datafield>
	<datafield ind1=" " ind2="0" tag="650">
		<subfield code="6">880-06</subfield>
		<subfield code="a">Islam</subfield>
		<subfield code="x">Doctrines</subfield>
		<subfield code="v">Early works to 1800.</subfield>
	</datafield>
	<datafield ind1=" " ind2="0" tag="650">
		<subfield code="6">880-07</subfield>
		<subfield code="a">Islamic philosophy</subfield>
		<subfield code="v">Early works to 1800.</subfield>
	</datafield>
	<datafield ind1="1" ind2=" " tag="700">
		<subfield code="6">880-08</subfield>
		<subfield code="a">ʻAbd al-Ḥamīd, Muḥammad Muḥyī al-Dīn,</subfield>
		<subfield code="e">annotator.</subfield>
	</datafield>
	<datafield ind1="2" ind2=" " tag="710">
		<subfield code="a">Jafet Memorial Library.</subfield>
	</datafield>
	<datafield ind1="0" ind2=" " tag="730">
		<subfield code="a">Arabic Collections Online.</subfield>
	</datafield>
	<datafield ind1="0" ind2=" " tag="775">
		<subfield code="6">880-09</subfield>
		<subfield code="i">has designation of edition</subfield>
		<subfield code="4">http://rdaregistry.info/Elements/m/P30133:</subfield>
		<subfield code="t">Kitāb Maqālāt al-Islāmīyīn wa-ikhtilāf al-muṣallīn.</subfield>
		<subfield code="d">Istānbūl : Maṭbaʻat al-Dawlah, 1929-1930</subfield>
		<subfield code="w">wb21056225</subfield>
	</datafield>
	<datafield ind1="0" ind2="8" tag="776">
		<subfield code="i">Print version:</subfield>
		<subfield code="a">Ashʻarī, Abū al-Ḥasan ʻAlī ibn Ismāʻīl, 873?-935?, author.</subfield>
		<subfield code="t">Maqālāt al-Islāmīyīn wa-ikhtilāf al-muṣallīn</subfield>
		<subfield code="w">(LeBAU)b12372638</subfield>
	</datafield>
	<datafield ind1="4" ind2="0" tag="856">
		<subfield code="u">http://hdl.handle.net/2333.1/fbg79n96</subfield>
	</datafield>
	<datafield ind1="1" ind2=" " tag="880">
		<subfield code="6">100-01</subfield>
		<subfield code="a">الاشعري، ابو الحسن علي بن اسماعيل،</subfield>
		<subfield code="d">873؟-935؟،</subfield>
		<subfield code="e">مؤلف.</subfield>
		<subfield code="4">aut.</subfield>
	</datafield>
	<datafield ind1="1" ind2="0" tag="880">
		<subfield code="6">245-02</subfield>
		<subfield code="a">مقالات الإسلاميين وإختلاف المصلين /</subfield>
		<subfield code="c">تأليف شيخ أهل السنة والجماعة الإمام أبي الحسن علي بن إسماعيل الأشعري، المتوفى عام 330 من الهجرة ؛ بتحقيق محمد محيي الدين عبد الحميد.</subfield>
	</datafield>
	<datafield ind1=" " ind2=" " tag="880">
		<subfield code="6">250-03</subfield>
		<subfield code="a">الطبعة الأولى.</subfield>
	</datafield>
	<datafield ind1=" " ind2="1" tag="880">
		<subfield code="6">264-04</subfield>
		<subfield code="a">القاهرة :</subfield>
		<subfield code="b">مكتبة النهضة المصرية،</subfield>
		<subfield code="c">1369 هـ. = 1950 م.</subfield>
	</datafield>
	<datafield ind1=" " ind2=" " tag="880">
		<subfield code="6">300-05</subfield>
		<subfield code="a">2 جزء ؛</subfield>
		<subfield code="c">24 سم</subfield>
	</datafield>
	<datafield ind1=" " ind2=" " tag="880">
		<subfield code="6">504-00</subfield>
		<subfield code="a">يتضمن مراجع ببليوغرافية.</subfield>
	</datafield>
	<datafield ind1=" " ind2=" " tag="880">
		<subfield code="6">590-00</subfield>
		<subfield code="a">في المكتبة: الجزء 1.</subfield>
	</datafield>
	<datafield ind1=" " ind2="4" tag="880">
		<subfield code="6">650-06</subfield>
		<subfield code="a">الاسلام</subfield>
		<subfield code="x">عقائد</subfield>
		<subfield code="v">اعمال قديمة حتى 1800.</subfield>
	</datafield>
	<datafield ind1=" " ind2="4" tag="880">
		<subfield code="6">650-07</subfield>
		<subfield code="a">الفلسفة الاسلامية</subfield>
		<subfield code="v">اعمال قديمة حتى 1800.</subfield>
	</datafield>
	<datafield ind1="1" ind2=" " tag="880">
		<subfield code="6">700-08</subfield>
		<subfield code="a">عبد الحميد، محمد محي الدين،</subfield>
		<subfield code="e">محقق.</subfield>
		<subfield code="4">ann.</subfield>
	</datafield>
	<datafield ind1="0" ind2=" " tag="880">
		<subfield code="6">775-09</subfield>
		<subfield code="i">دلالة على الطبعة</subfield>
		<subfield code="4">http://rdaregistry.info/Elements/m/P30133:</subfield>
		<subfield code="t">كتاب مقالات الإسلاميين وإختلاف المصلين.</subfield>
		<subfield code="d">إستانبول : مطبعة الدولة، 1929-1930</subfield>
		<subfield code="w">b21056225</subfield>
	</datafield>
	<datafield ind1=" " ind2=" " tag="959">
		<subfield code="a">NNU</subfield>
		<subfield code="b">WEB</subfield>
		<subfield code="c">GENI</subfield>
		<subfield code="t">0</subfield>
		<subfield code="m">Electronic access</subfield>
		<subfield code="s">01</subfield>
	</datafield>
	<datafield ind1=" " ind2=" " tag="999">
		<subfield code="i">LeBAU_b12372638</subfield>
		<subfield code="s">aub_aco002446:v.1</subfield>
		<subfield code="e">(ERROR-MISC)</subfield>
		<subfield code="s">aub_aco002446:v.1</subfield>
	</datafield>
</record>
